<?xml version="1.0" encoding="UTF-8"?><collection xmlns="http://www.loc.gov/MARC21/slim"><record><leader>00403nam--2200145-i-4500</leader><controlfield tag="001">000008390</controlfield><controlfield tag="002">20161230</controlfield><controlfield tag="005">20170207235501</controlfield><controlfield tag="008">060222s1000------------r-----000-0-eng-d</controlfield><datafield ind1=" " ind2=" " tag="100"><subfield code="a">Burkhardt, Jurgen</subfield></datafield><datafield ind1=" " ind2=" " tag="245"><subfield code="a">Synthese und eigenschaften n-substituierten 2 imino-1, 3-heterocyclen</subfield></datafield><datafield ind1=" " ind2=" " tag="260"><subfield code="a">Stuttgart</subfield><subfield code="b">Technische Hochschule</subfield><subfield code="c">1967</subfield></datafield><datafield ind1=" " ind2=" " tag="300"><subfield code="a">97 p</subfield></datafield><datafield ind1=" " ind2=" " tag="852"><subfield code="a">547</subfield></datafield><datafield ind1=" " ind2=" " tag="CAT"><subfield code="a">SYS</subfield><subfield code="c">20170207</subfield><subfield code="h">235501</subfield></datafield></record></collection>